@book{sutton2018reinforcement,
  title={Reinforcement learning: An introduction},
  author={Sutton, Richard S and Barto, Andrew G},
  year={2018},
  publisher={MIT press}
}

@book{rasmussen2006gaussian,
  title={Gaussian processes for machine learning},
  author={Rasmussen, Carl Edward and Williams, Christopher KI},
  volume={1},
  year={2006},
  publisher={MIT press Cambridge}
}

@book{rawlings2017model,
  title={Model predictive control: theory, computation, and design},
  author={Rawlings, James Blake and Mayne, David Q and Diehl, Moritz},
  volume={2},
  year={2017},
  publisher={Nob Hill Publishing Madison}
}

@article{srinivas2012information,
  title={Information-theoretic regret bounds for Gaussian process optimization in the bandit setting},
  author={Srinivas, Niranjan and Krause, Andreas and Kakade, Sham M and Seeger, Matthias W},
  journal={IEEE Transactions on Information Theory},
  volume={58},
  number={5},
  pages={3250--3265},
  year={2012},
  publisher={IEEE}
}

@article{abbeel2007application,
  title={An application of reinforcement learning to aerobatic helicopter flight},
  author={Abbeel, Pieter and Coates, Adam and Quigley, Morgan and Ng, Andrew Y},
  journal={Advances in neural information processing systems},
  volume={19},
  pages={1--8},
  year={2007}
}

@article{aswani2013provably,
  title={Provably safe and robust learning-based model predictive control},
  author={Aswani, Anil and Gonzalez, Humberto and Sastry, S Shankar and Tomlin, Claire},
  journal={Automatica},
  volume={49},
  number={5},
  pages={1216--1226},
  year={2013},
  publisher={Elsevier}
}

@book{khalil2002nonlinear,
  title={Nonlinear systems},
  author={Khalil, Hassan K},
  year={2002},
  publisher={Prentice Hall}
}

@article{mitchell2005time,
  title={A time-dependent Hamilton-Jacobi formulation of reachable sets for continuous dynamic games},
  author={Mitchell, Ian M and Bayen, Alexandre M and Tomlin, Claire J},
  journal={IEEE Transactions on automatic control},
  volume={50},
  number={7},
  pages={947--957},
  year={2005},
  publisher={IEEE}
}

@article{ames2017control,
  title={Control barrier functions: Theory and applications},
  author={Ames, Aaron D and Coogan, Samuel and Egerstedt, Magnus and Notomista, Gennaro and Sreenath, Koushil and Tabuada, Paulo},
  journal={Proceedings of the 18th European Control Conference (ECC)},
  pages={3420--3431},
  year={2017},
  publisher={IEEE}
}

@article{berkenkamp2017safe,
  title={Safe model-based reinforcement learning with stability guarantees},
  author={Berkenkamp, Felix and Turchetta, Matteo and Schoellig, Angela P and Krause, Andreas},
  journal={Advances in neural information processing systems},
  volume={30},
  year={2017}
}

@article{russo2018tutorial,
  title={A tutorial on thompson sampling},
  author={Russo, Daniel J and Van Roy, Benjamin and Kazerouni, Abbas and Osband, Ian and Wen, Zheng},
  journal={Foundations and Trends{\textregistered} in Machine Learning},
  volume={11},
  number={1},
  pages={1--96},
  year={2018},
  publisher={Now Publishers, Inc.}
}

@article{guo2017calibration,
  title={On calibration of modern neural networks},
  author={Guo, Chuan and Pleiss, Geoff and Sun, Yu and Weinberger, Kilian Q},
  journal={Proceedings of the 34th International Conference on Machine Learning},
  volume={70},
  pages={1321--1330},
  year={2017}
}

@book{bertsekas2012dynamic,
  title={Dynamic programming and optimal control},
  author={Bertsekas, Dimitri P},
  volume={1},
  year={2012},
  publisher={Athena scientific}
}

@article{lattimore2020bandit,
  title={Bandit algorithms},
  author={Lattimore, Tor and Szepesv{\'a}ri, Csaba},
  year={2020},
  publisher={Cambridge University Press}
}

@article{chowdhury2017kernelized,
  title={Kernelized bayesian multiarmed bandits},
  author={Chowdhury, Sayak Ray and Gopalan, Aditya},
  journal={Advances in Neural Information Processing Systems},
  volume={30},
  year={2017}
}

@book{steinwart2008support,
  title={Support vector machines},
  author={Steinwart, Ingo and Christmann, Andreas},
  year={2008},
  publisher={Springer Science \& Business Media}
}

@article{kuleshov2018accurate,
  title={Accurate uncertainties for deep learning using calibrated regression},
  author={Kuleshov, Volodymyr and Fenner, Nathan and Ermon, Stefano},
  journal={Proceedings of the 35th International Conference on Machine Learning},
  volume={80},
  pages={2796--2804},
  year={2018}
}

@book{tomlin2003computational,
  title={Computational techniques for the verification of hybrid systems},
  author={Tomlin, Claire J and Mitchell, Ian and Bayen, Alexandre M and Oishi, Meeko},
  journal={Proceedings of the IEEE},
  volume={91},
  number={7},
  pages={986--1001},
  year={2003},
  publisher={IEEE}
}

@article{fisac2018general,
  title={A general safety framework for learning-based control in uncertain robotic systems},
  author={Fisac, Jaime F and Akametalu, Anayo K and Zeilinger, Melanie N and Kaynama, Shahab and Gillula, Jeremy and Tomlin, Claire J},
  journal={IEEE Transactions on Automatic Control},
  volume={64},
  number={7},
  pages={2737--2752},
  year={2018},
  publisher={IEEE}
}

@article{kocijan2004gaussian,
  title={Gaussian process model based predictive control},
  author={Ko{\v{c}}ijan, Ju{\v{s}} and Murray-Smith, Roderick and Rasmussen, Carl Edward and Girard, Agathe},
  journal={Proceedings of the 2004 American control conference},
  volume={3},
  pages={2214--2219},
  year={2004},
  publisher={IEEE}
}

@article{ostafew2016robust,
  title={Robust constrained learning-based NMPC enabling reliable mobile robot path tracking},
  author={Ostafew, Chris J and Schoellig, Angela P and Barfoot, Timothy D and Collier, Jack},
  journal={The International Journal of Robotics Research},
  volume={35},
  number={13},
  pages={1547--1563},
  year={2016},
  publisher={SAGE Publications}
}

@book{borrelli2017predictive,
  title={Predictive control for linear and hybrid systems},
  author={Borrelli, Francesco and Bemporad, Alberto and Morari, Manfred},
  year={2017},
  publisher={Cambridge University Press}
}

@article{mayne2014model,
  title={Model predictive control: Recent developments and future promise},
  author={Mayne, David Q},
  journal={Automatica},
  volume={50},
  number={12},
  pages={2967--2986},
  year={2014},
  publisher={Elsevier}
}

@article{limon2009input,
  title={Input-to-state stability of min--max MPC controllers for nonlinear systems with bounded uncertainties},
  author={Limon, Daniel and Alamo, Teodoro and Raimondo, Davide Martino and Pe{\~n}a, Diego Mu{\~n}oz de la and Bravo, Jose M and Ferramosca, Antonio and Camacho, Eduardo F},
  journal={Automatica},
  volume={45},
  number={6},
  pages={1379--1384},
  year={2009},
  publisher={Elsevier}
}

@article{koller2018learning,
  title={Learning-based model predictive control for safe exploration},
  author={Koller, Torsten and Berkenkamp, Felix and Turchetta, Matteo and Krause, Andreas},
  journal={Proceedings of the 57th IEEE Conference on Decision and Control},
  pages={6059--6066},
  year={2018},
  publisher={IEEE}
}